@article{Chung1999,
author = {Chung, Chul and Nigam, Sumant},
doi = {10.1029/1999JD900234},
file = {:home/elio/Documents/Tesis/Papers/Chung, Nigam{\_}1999{\_}Weighting of geophysical data in Principal Component Analysis.pdf:pdf},
issn = {01480227},
journal = {Journal of Geophysical Research: Atmospheres},
keywords = {http://dx.doi.org/10.1029/1999JD900234, doi:10.102},
number = {D14},
pages = {16925--16928},
title = {{Weighting of geophysical data in Principal Component Analysis}},
url = {http://doi.wiley.com/10.1029/1999JD900234},
volume = {104},
year = {1999}
}
